<record><leader>00000cas a2200000 a 4500</leader><controlfield tag="001">44996823</controlfield><controlfield tag="008">000912d19881989txuwr ne      0   a0eng c</controlfield><datafield ind1=" " ind2=" " tag="010"><subfield code="a">sn 00061580 </subfield></datafield><datafield ind1=" " ind2=" " tag="040"><subfield code="a">NVF</subfield><subfield code="b">eng</subfield><subfield code="c">NVF</subfield><subfield code="d">OCLCQ</subfield><subfield code="d">NVF</subfield><subfield code="d">OCLCO</subfield><subfield code="d">OCLCF</subfield><subfield code="d">OCL</subfield></datafield><datafield ind1=" " ind2=" " tag="042"><subfield code="a">pcc</subfield></datafield><datafield ind1=" " ind2=" " tag="043"><subfield code="a">n-us-il</subfield></datafield><datafield ind1="0" ind2="4" tag="245"><subfield code="a">The Central Illinois United Methodist reporter.</subfield></datafield><datafield ind1="1" ind2="7" tag="246"><subfield code="a">United Methodist reporter</subfield></datafield><datafield ind1=" " ind2=" " tag="250"><subfield code="a">Central Illinois ed.</subfield></datafield><datafield ind1=" " ind2=" " tag="260"><subfield code="a">Dallas, Tex. ;</subfield><subfield code="a">Bloomington, Ill. :</subfield><subfield code="b">United Methodist Communications Council,</subfield><subfield code="c">1988-1989.</subfield></datafield><datafield ind1=" " ind2=" " tag="300"><subfield code="a">v.</subfield></datafield><datafield ind1=" " ind2=" " tag="310"><subfield code="a">Weekly</subfield></datafield><datafield ind1="0" ind2=" " tag="362"><subfield code="a">Vol. 134, no. 40 (Mar. 4, 1988)-v. 135, no. 49 (May 5, 1989).</subfield></datafield><datafield ind1="2" ind2="0" tag="610"><subfield code="a">United Methodist Church (U.S.)</subfield><subfield code="v">Newspapers.</subfield></datafield><datafield ind1="2" ind2="0" tag="610"><subfield code="a">United Methodist Church (U.S.).</subfield><subfield code="b">Central Illinois Conference</subfield><subfield code="v">Newspapers.</subfield></datafield><datafield ind1=" " ind2="0" tag="650"><subfield code="a">Methodists</subfield><subfield code="z">Illinois</subfield><subfield code="v">Newspapers.</subfield></datafield><datafield ind1=" " ind2="0" tag="650"><subfield code="a">Methodism</subfield><subfield code="v">Newspapers.</subfield></datafield><datafield ind1=" " ind2="0" tag="651"><subfield code="a">Bloomington (Ill.)</subfield><subfield code="v">Newspapers.</subfield></datafield><datafield ind1=" " ind2="0" tag="651"><subfield code="a">Illinois</subfield><subfield code="v">Newspapers.</subfield></datafield><datafield ind1="2" ind2="7" tag="610"><subfield code="a">United Methodist Church (U.S.)</subfield><subfield code="2">fast</subfield><subfield code="0">(OCoLC)fst00541693</subfield></datafield><datafield ind1="2" ind2="7" tag="610"><subfield code="a">United Methodist Church (U.S.).</subfield><subfield code="b">Central Illinois Conference.</subfield><subfield code="2">fast</subfield><subfield code="0">(OCoLC)fst00603401</subfield></datafield><datafield ind1=" " ind2="7" tag="650"><subfield code="a">Methodists.</subfield><subfield code="2">fast</subfield><subfield code="0">(OCoLC)fst01018703</subfield></datafield><datafield ind1=" " ind2="7" tag="651"><subfield code="a">Illinois.</subfield><subfield code="2">fast</subfield><subfield code="0">(OCoLC)fst01205143</subfield></datafield><datafield ind1=" " ind2="7" tag="651"><subfield code="a">Illinois</subfield><subfield code="z">Bloomington.</subfield><subfield code="2">fast</subfield><subfield code="0">(OCoLC)fst01205022</subfield></datafield><datafield ind1=" " ind2="7" tag="650"><subfield code="a">Methodism.</subfield><subfield code="2">fast</subfield><subfield code="0">(OCoLC)fst01018631</subfield></datafield><datafield ind1=" " ind2="7" tag="655"><subfield code="a">Newspapers.</subfield><subfield code="2">fast</subfield><subfield code="0">(OCoLC)fst01423814</subfield></datafield><datafield ind1="2" ind2=" " tag="710"><subfield code="a">United Methodist Communications Council (U.S.)</subfield></datafield><datafield ind1=" " ind2=" " tag="752"><subfield code="a">United States</subfield><subfield code="b">Texas</subfield><subfield code="c">Dallas</subfield><subfield code="d">Dallas.</subfield></datafield><datafield ind1=" " ind2=" " tag="752"><subfield code="a">United States</subfield><subfield code="b">Illinois</subfield><subfield code="c">McLean</subfield><subfield code="d">Bloomington.</subfield></datafield><datafield ind1="0" ind2="0" tag="780"><subfield code="t">United Methodist reporter of the Central Illinois Conference</subfield><subfield code="w">(DLC)sn 00061579</subfield><subfield code="w">(OCoLC)44996767</subfield></datafield><datafield ind1="0" ind2="0" tag="785"><subfield code="t">United Methodist reporter (Dallas, Tex. : Central Illinois Conference ed.)</subfield><subfield code="w">(DLC)sn 00061581</subfield><subfield code="w">(OCoLC)44996849</subfield></datafield><datafield ind1="1" ind2=" " tag="029"><subfield code="a">AU@</subfield><subfield code="b">000021897191</subfield></datafield></record>